<collection xmlns="http://www.loc.gov/MARC21/slim">
<record>
  <leader>01646nam0a2200253 i 450 </leader>
  <controlfield tag="001">IT\ICCU\CNCE\018901</controlfield>
  <controlfield tag="005">20150617000000.0</controlfield>
  <datafield tag="012" ind1=" " ind2=" ">
    <subfield code="a">r.a, i.x, l?is PoCo (3) 1578 (R)</subfield>
    <subfield code="2">fei</subfield>
  </datafield>
  <datafield tag="100" ind1=" " ind2=" ">
    <subfield code="a">19970101d1578        0itac0103    ba</subfield>
  </datafield>
  <datafield tag="101" ind1=" " ind2=" ">
    <subfield code="a">LAT</subfield>
  </datafield>
  <datafield tag="102" ind1=" " ind2=" ">
    <subfield code="a">IT</subfield>
  </datafield>
  <datafield tag="200" ind1="1" ind2=" ">
    <subfield code="a">Planctus beatiss. Mariae Magdalenae in morte Iesu Christi amoris sui. Ad r.p.d. Hippolytum Turatum Cartusiae papiae priorem, et prouinciae conuisitatorem dignissimum.  Auctore r.p.d. Cosma Festino Cartusiano</subfield>
  </datafield>
  <datafield tag="210" ind1=" " ind2=" ">
    <subfield code="a">Mediolani</subfield>
    <subfield code="c">apud Paulum Gottardum</subfield>
    <subfield code="d">et Pacificum Pontios fratres</subfield>
    <subfield code="d">1578</subfield>
    <subfield code="e">Mediolani</subfield>
    <subfield code="g">per Paulum Gottardum</subfield>
    <subfield code="h">&amp; Pacificum Pontium</subfield>
    <subfield code="h">fratres</subfield>
    <subfield code="h">1578</subfield>
  </datafield>
  <datafield tag="215" ind1=" " ind2=" ">
    <subfield code="a">15, \2!, 18-35, \1! c.</subfield>
    <subfield code="c">ill.</subfield>
    <subfield code="d">8ʻ</subfield>
  </datafield>
  <datafield tag="300" ind1=" " ind2=" ">
    <subfield code="a">A c. C1r altro front.: Planctus beatiss. Virg. Mariae in passione d.n. Iesu Christi. Et plantus peccatoris in eadem pass. versu di metro iambico acatalecto. Ad r.p.  Hippolytm Turatum ... auctore Io. Iacobo Gabiano. Mediolani : per Paulum Gottardum, &amp; Pacificum Pontium, fratres, 1578</subfield>
  </datafield>
  <datafield tag="423" ind1=" " ind2="0">
    <subfield code="1">001IT\ICCU\CNCE\077729</subfield>
    <subfield code="1">2001 </subfield>
    <subfield code="a">Planctus beatiss. Virg. Mariae in passione d.n. Iesu Christi. Et plantus peccatoris in eadem pass. versu di metro iambico acatalecto.</subfield>
  </datafield>
  <datafield tag="620" ind1=" " ind2=" ">
    <subfield code="a">IT</subfield>
    <subfield code="d">Milano</subfield>
  </datafield>
  <datafield tag="700" ind1=" " ind2="1">
    <subfield code="a">Festini,</subfield>
    <subfield code="b">Cosmas</subfield>
    <subfield code="3">IT\ICCU\CNCA\005359</subfield>
  </datafield>
  <datafield tag="702" ind1=" " ind2="1">
    <subfield code="a">Gabbiano,</subfield>
    <subfield code="b">Giovanni Giacomo</subfield>
    <subfield code="3">IT\ICCU\CNCA\005759</subfield>
  </datafield>
  <datafield tag="712" ind1="0" ind2="0">
    <subfield code="a">Da_Ponte, Paolo Gottardo &amp; Da_Ponte, Pacifico</subfield>
    <subfield code="3">IT\ICCU\CNCT\000883</subfield>
    <subfield code="4">650</subfield>
  </datafield>
  <datafield tag="790" ind1=" " ind2="1">
    <subfield code="a">Festinus,</subfield>
    <subfield code="b">Cosmas</subfield>
    <subfield code="3">IT\ICCU\CNCA\019006</subfield>
    <subfield code="z">Festini, Cosmas</subfield>
  </datafield>
  <datafield tag="790" ind1=" " ind2="1">
    <subfield code="a">Gabianus,</subfield>
    <subfield code="b">Ioannes Iacobus</subfield>
    <subfield code="3">IT\ICCU\CNCA\005760</subfield>
    <subfield code="z">Gabbiano, Giovanni Giacomo</subfield>
  </datafield>
  <datafield tag="801" ind1=" " ind2="3">
    <subfield code="a">IT</subfield>
    <subfield code="b">ICCU</subfield>
    <subfield code="c">20201114</subfield>
  </datafield>
  <datafield tag="899" ind1=" " ind2=" ">
    <subfield code="a">Biblioteca nazionale Braidense. Milano</subfield>
    <subfield code="1">MI0185</subfield>
    <subfield code="2">MIL NB</subfield>
  </datafield>
</record>
</collection>
